<marcxml:record xmlns:marcxml="http://www.loc.gov/MARC21/slim" xmlns:mets="http://www.loc.gov/METS/" xmlns:bf="http://id.loc.gov/ontologies/bibframe/" xmlns:rdf="http://www.w3.org/1999/02/22-rdf-syntax-ns#" xmlns:madsrdf="http://www.loc.gov/mads/rdf/v1#" xmlns:bflc="http://id.loc.gov/ontologies/bflc/" xmlns:ri="http://id.loc.gov/ontologies/RecordInfo#" xmlns:idx="info:lc/xq-modules/lcindex" xmlns:xlink="http://www.w3.org/1999/xlink" xmlns:xsi="http://www.w3.org/2001/XMLSchema-instance" xmlns:semtriples="http://marklogic.com/semantic" xmlns:streams="info:lc/streams#">
    <marcxml:leader>03317cz  a2200289n  4500</marcxml:leader>
    <marcxml:controlfield tag="001">n91087956</marcxml:controlfield>
    <marcxml:controlfield tag="003">DLC</marcxml:controlfield>
    <marcxml:controlfield tag="005">20130314114425.0</marcxml:controlfield>
    <marcxml:controlfield tag="008">910829n| azannaabn          |a aaa      </marcxml:controlfield>
    <marcxml:datafield tag="010" ind1=" " ind2=" ">
        <marcxml:subfield code="a">n  91087956 </marcxml:subfield>
    </marcxml:datafield>
    <marcxml:datafield tag="035" ind1=" " ind2=" ">
        <marcxml:subfield code="a">(OCoLC)oca03011547</marcxml:subfield>
    </marcxml:datafield>
    <marcxml:datafield tag="040" ind1=" " ind2=" ">
        <marcxml:subfield code="a">DLC</marcxml:subfield>
        <marcxml:subfield code="b">eng</marcxml:subfield>
        <marcxml:subfield code="e">rda</marcxml:subfield>
        <marcxml:subfield code="c">DLC</marcxml:subfield>
        <marcxml:subfield code="d">PPi-MA</marcxml:subfield>
        <marcxml:subfield code="d">OAkU-MCU</marcxml:subfield>
        <marcxml:subfield code="d">PPi-MA</marcxml:subfield>
        <marcxml:subfield code="d">DLC</marcxml:subfield>
    </marcxml:datafield>
    <marcxml:datafield tag="100" ind1="1" ind2=" ">
        <marcxml:subfield code="a">Bach, Johann Sebastian,</marcxml:subfield>
        <marcxml:subfield code="d">1685-1750.</marcxml:subfield>
        <marcxml:subfield code="t">Geist und Seele wird verwirret.</marcxml:subfield>
        <marcxml:subfield code="k">Selections;</marcxml:subfield>
        <marcxml:subfield code="o">arranged</marcxml:subfield>
    </marcxml:datafield>
    <marcxml:datafield tag="400" ind1="1" ind2=" ">
        <marcxml:subfield code="a">Bach, Johann Sebastian,</marcxml:subfield>
        <marcxml:subfield code="d">1685-1750.</marcxml:subfield>
        <marcxml:subfield code="t">Concertos,</marcxml:subfield>
        <marcxml:subfield code="m">flute, string orchestra,</marcxml:subfield>
        <marcxml:subfield code="n">BWV 1059,</marcxml:subfield>
        <marcxml:subfield code="r">E minor</marcxml:subfield>
    </marcxml:datafield>
    <marcxml:datafield tag="400" ind1="1" ind2=" ">
        <marcxml:subfield code="a">Bach, Johann Sebastian,</marcxml:subfield>
        <marcxml:subfield code="d">1685-1750.</marcxml:subfield>
        <marcxml:subfield code="t">Concertos,</marcxml:subfield>
        <marcxml:subfield code="m">harpsichord, oboe, string orchestra,</marcxml:subfield>
        <marcxml:subfield code="n">BWV 1059,</marcxml:subfield>
        <marcxml:subfield code="r">D minor</marcxml:subfield>
    </marcxml:datafield>
    <marcxml:datafield tag="400" ind1="1" ind2=" ">
        <marcxml:subfield code="a">Bach, Johann Sebastian,</marcxml:subfield>
        <marcxml:subfield code="d">1685-1750.</marcxml:subfield>
        <marcxml:subfield code="t">Concertos,</marcxml:subfield>
        <marcxml:subfield code="m">oboe, violin, string orchestra,</marcxml:subfield>
        <marcxml:subfield code="n">BWV 1059,</marcxml:subfield>
        <marcxml:subfield code="r">D minor</marcxml:subfield>
    </marcxml:datafield>
    <marcxml:datafield tag="400" ind1="1" ind2=" ">
        <marcxml:subfield code="a">Bach, Johann Sebastian,</marcxml:subfield>
        <marcxml:subfield code="d">1685-1750.</marcxml:subfield>
        <marcxml:subfield code="t">Concertos,</marcxml:subfield>
        <marcxml:subfield code="m">organ, orchestra,</marcxml:subfield>
        <marcxml:subfield code="n">BWV 1059,</marcxml:subfield>
        <marcxml:subfield code="r">D minor</marcxml:subfield>
    </marcxml:datafield>
    <marcxml:datafield tag="400" ind1="1" ind2=" ">
        <marcxml:subfield code="a">Bach, Johann Sebastian,</marcxml:subfield>
        <marcxml:subfield code="d">1685-1750.</marcxml:subfield>
        <marcxml:subfield code="t">Concertos,</marcxml:subfield>
        <marcxml:subfield code="m">organ, orchestra,</marcxml:subfield>
        <marcxml:subfield code="n">no. 8,</marcxml:subfield>
        <marcxml:subfield code="r">D minor</marcxml:subfield>
    </marcxml:datafield>
    <marcxml:datafield tag="400" ind1="1" ind2=" ">
        <marcxml:subfield code="a">Bach, Johann Sebastian,</marcxml:subfield>
        <marcxml:subfield code="d">1685-1750.</marcxml:subfield>
        <marcxml:subfield code="t">Concertos,</marcxml:subfield>
        <marcxml:subfield code="m">violin, string orchestra,</marcxml:subfield>
        <marcxml:subfield code="n">BWV 1059,</marcxml:subfield>
        <marcxml:subfield code="r">D minor</marcxml:subfield>
    </marcxml:datafield>
    <marcxml:datafield tag="400" ind1="1" ind2=" ">
        <marcxml:subfield code="w">nnea</marcxml:subfield>
        <marcxml:subfield code="a">Bach, Johann Sebastian,</marcxml:subfield>
        <marcxml:subfield code="d">1685-1750.</marcxml:subfield>
        <marcxml:subfield code="t">Geist und Seele wird verwirret.</marcxml:subfield>
        <marcxml:subfield code="k">Selections;</marcxml:subfield>
        <marcxml:subfield code="o">arr.</marcxml:subfield>
    </marcxml:datafield>
    <marcxml:datafield tag="667" ind1=" " ind2=" ">
        <marcxml:subfield code="a">3 movements from Bach's cantata Geist und Seele wird verwirret have been arranged as an organ concerto by the conductor Ton Koopman (1st 670).</marcxml:subfield>
    </marcxml:datafield>
    <marcxml:datafield tag="670" ind1=" " ind2=" ">
        <marcxml:subfield code="a">Bach, J.S. Concertos no 1 BWV 1052 [SR] p1990:</marcxml:subfield>
        <marcxml:subfield code="b">label (Concerto no 8 BWV 1059 pour orgue et orchestre) booklet, p. 8 (BWV 1059 originally an oboe concerto, now lost) container (reconstruction by Ton Koopman)</marcxml:subfield>
    </marcxml:datafield>
    <marcxml:datafield tag="670" ind1=" " ind2=" ">
        <marcxml:subfield code="a">Schmieder</marcxml:subfield>
        <marcxml:subfield code="b">(35; Geist und Seele wird verwirret)</marcxml:subfield>
    </marcxml:datafield>
    <marcxml:datafield tag="670" ind1=" " ind2=" ">
        <marcxml:subfield code="a">Bach, J.S. Konzert d-Moll (BWV 1059) für Cembalo (Solo-Violine), Oboe, Streichorchester und Generalbass oder konzertiernde Violine, Streichorchester und Generalbass (Urform), c1973:</marcxml:subfield>
        <marcxml:subfield code="b">pref. (reconstruction based on movements of Cantata BWV 35; may be performed as double concerto for harpsichord and oboe, or for violin and oboe, or as violin concerto (without oboe))</marcxml:subfield>
    </marcxml:datafield>
    <marcxml:datafield tag="670" ind1=" " ind2=" ">
        <marcxml:subfield code="a">LCCN 75288650</marcxml:subfield>
        <marcxml:subfield code="b">(Konzert, E-moll, Für Flöte und Orchester. Rekonstruktion des mutmasslichen Urbildes nach BWV 1059 und BWV 35 von Winfried Radeke; BWV 1059 is a 9-measure fragment, being the same as the beginning of BWV 235, the solo cantata Geist und Seele wird verwirret. The concerto is an adaptation of the 1st sinfornia, the 1st aria (Siciliana), and the 2d sinfonia of the cantata.)</marcxml:subfield>
    </marcxml:datafield>
    <marcxml:datafield tag="670" ind1=" " ind2=" ">
        <marcxml:subfield code="a">Schmieder, 1990</marcxml:subfield>
        <marcxml:subfield code="b">(1059, Konzert d-Moll (fragment); harpsichord solo, oboe, 2 violins, viola, continuo; the fragment is related to the introductory sinfonias of the first (and second?) parts of the cantata Geist und Seele wird verwirret (BWV 35), for orchestra and obligato organ; reconstructions for harpsichord, oboe, and strings by Helmut Winschermann (Hamburg: Sikorski Nr. 600, ca. 1950 [i.e. 1961], Werner Geitz (Wolfenbüttel: Möseler, 1973), and Gustav Leonhardt (Telefunken A.W. 8404, ca. 1959); as violin concerto by Gotthold Frotscher (Leipzig, Frankfurt: Peters, after 1952); as flute concerto by Winfried Radeke (Wiesbaden: Breitkopf &amp; Härtel, 1970) [all represented by this heading]; and as oboe concerto by Arnold Mehl (Lottstetten, Adliswil: Kunzelmann, 1983) [n  82106655 [Selections; arr.]; including 2nd movement from Ich steh mit einem Fuss im Grabe, BWV 156])</marcxml:subfield>
    </marcxml:datafield>
</marcxml:record>
